@misc{threejs,
  title = {three.js},
  howpublished = {\url{https://threejs.org}},
  note = {A Javascript 3D library build on top of WebGL.}
}
